@MANUAL{UGhdaConcept,
    TITLE = "LATEX-Nutzung mit hdaConcept",
    AUTHOR = "Manfred Sielhorst",
    ORGANIZATION = "Sielhorst iT Beratung UG",
    ADDRESS = "hda-latex.git",
    EDITION = "Version 2.4",
    YEAR = "14.03.2020",
    NOTE = "UG\_hda-latex\_Concept.pdf",
}
@MANUAL{UGhdaGuide,
    TITLE = "LATEX-Nutzung mit hdaGuide",
    AUTHOR = "Manfred Sielhorst",
    ORGANIZATION = "Sielhorst iT Beratung UG",
    ADDRESS = "hda-latex.git",
    EDITION = "Version 2.4",
    YEAR = "14.03.2020",
    NOTE = "UG\_hda-latex\_Guide.pdf",
}
